%==============================================================================
% manual_refs.bib
%
% BiBTeX file for the minichem manual.
% A. Oleynichenko, 2018
%==============================================================================


@book{szabo1996,
  title={{Modern Quantum Chemistry: Introduction to Advanced Electronic Structure Theory}},
  author={Szabo, A. and Ostlund, N.S.},
  isbn={9780486691862},
  lccn={lc96010775},
  series={Dover Books on Chemistry},
  year={1996},
  publisher={Dover Publications}
}


@book{helgaker2008,
  title={{Molecular Electronic-Structure Theory}},
  author={Helgaker, T. and Jorgensen, P. and Olsen, J.},
  isbn={9780470017609},
  year={2008},
  publisher={Wiley}
}



@article{nwchem2010,
	author = {M. Valiev and E.J. Bylaska and N. Govind and K. Kowalski and T.P. Straatsma and H.J.J. van Dam and D. Wang and J. Nieplocha and E. Apra and T.L. Windus and W.A. de Jong},
	title = {{NWChem: a comprehensive and scalable open-source solution for large scale molecular simulations}},
	journal = {Comput. Phys. Commun.},
	volume = {181},
	pages = {1477},
	year = {2010},
	doi = {10.1016/j.cpc.2010.04.018}
}


@article{hoffmann1963,
	author = {Hoffmann, R.},
	title = {{An Extended Hückel Theory. I. Hydrocarbons}},
	journal = {J. Chem. Phys.},
	volume = {39},
	number = {6},
	pages = {1397 -- 1412},
	year = {1963},
	doi = {10.1063/1.1734456}
}

@article{wolfsberg1952,
	author = {Wolfsberg, M.  and Helmholz, L.},
	title = {{The Spectra and Electronic Structure of the Tetrahedral Ions $\rm MnO_4^{−}$, $\rm CrO_4^{−−}$, and $\rm ClO_4^{−}$}},
	journal = {J. Chem. Phys.},
	volume = {20},
	number = {5},
	pages = {837},
	year = {1952},
	doi = {10.1063/1.1700580}
}


@article{pulay1980,
	title = {Convergence acceleration of iterative sequences. The case of SCF iteration},
	journal = "Chem. Phys. Lett.",
	volume = "73",
	number = "2",
	pages = "393",
	year = "1980",
	doi = "10.1016/0009-2614(80)80396-4",
	author = {P. Pulay}
}


@article{pulay1981,
	author = {Pulay, P.},
	title = {{Improved SCF convergence acceleration}},
	journal = {J. Comput. Chem.},
	volume = {3},
	number = {4},
	pages = {556},
	doi = {10.1002/jcc.540030413}
}


@article{molden2000,
	author = {G. Schaftenaar and J.H. Noordik},
	title = {{Molden: a pre- and post-processing program for molecular and electronic structures}},
	journal = {J. Comput. Aided Mol. Des.},
	volume = {14},
	pages = {123},
	year = {2000},
	doi = {10.1023/A:1008193805436}
}


@article{molden2017,
	author = {G. Schaftenaar and E. Vlieg and G. Vriend},
	title = {{Molden 2.0: quantum chemistry meets proteins}},
	journal = {J. Comput. Aided Mol. Des.},
	volume = {31},
	pages = {789},
	year = {2017},
	doi = {10.1007/s10822-017-0042-5}
}


@misc{MoldenFormat,
  title = {{The Molden Format}},
  howpublished = {\url{http://www.cmbi.ru.nl/molden/molden_format.html}}
}